%%%%%%%%%%%%%%%%%%%
%% IEEE Journals %%
%%%%%%%%%%%%%%%%%%%


% aerospace and military
@STRING{IEEE_J_AES        = "{IEEE} Transactions on Aerospace and Electronic Systems"}
@STRING{IEEE_J_ANE        = "{IEEE} Transactions on Aerospace and Navigational Electronics"}
@STRING{IEEE_J_ANNE       = "{IEEE} Transactions on Aeronautical and Navigational Electronics"}
@STRING{IEEE_J_AS         = "{IEEE} Transactions on Aerospace"}
@STRING{IEEE_J_AIRE       = "{IEEE} Transactions on Airborne Electronics"}
@STRING{IEEE_J_MIL        = "{IEEE} Transactions on Military Electronics"}



% autos, transportation and vehicles (non-aerospace)
@STRING{IEEE_J_ITS        = "{IEEE} Transactions on Intelligent Transportation Systems"}
@STRING{IEEE_J_VT         = "{IEEE} Transactions on Vehicular Technology"}
@STRING{IEEE_J_VC         = "{IEEE} Transactions on Vehicular Communications"}



% circuits, signals, systems, audio and controls
@STRING{IEEE_J_SPL        = "{IEEE} Signal Processing Letters"}
@STRING{IEEE_J_ASSP       = "{IEEE} Transactions on Acoustics, Speech, and Signal Processing"}
@STRING{IEEE_J_ASLP       = "{IEEE} Transactions on Audio, Speech and Language Processing"}
@STRING{IEEE_J_AUEA       = "{IEEE} Transactions on Audio and Electroacoustics"}
@STRING{IEEE_J_AC         = "{IEEE} Transactions on Automatic Control"}
@STRING{IEEE_J_CAS        = "{IEEE} Transactions on Circuits and Systems"}
@STRING{IEEE_J_CASVT      = "{IEEE} Transactions on Circuits and Systems for Video Technology"}
@STRING{IEEE_J_CASI       = "{IEEE} Transactions on Circuits and Systems---Part {I}: Fundamental Theory and Applications"}
@STRING{IEEE_J_CASII      = "{IEEE} Transactions on Circuits and Systems---Part {II}: Analog and Digital Signal Processing"}
@STRING{IEEE_J_CT         = "{IEEE} Transactions on Circuit Theory"}
@STRING{IEEE_J_CST        = "{IEEE} Transactions on Control Systems Technology"}
@STRING{IEEE_J_SP         = "{IEEE} Transactions on Signal Processing"}
@STRING{IEEE_J_SU         = "{IEEE} Transactions on Sonics and Ultrasonics"}
@STRING{IEEE_J_SAP        = "{IEEE} Transactions on Speech and Audio Processing"}
@STRING{IEEE_J_UE         = "{IEEE} Transactions on Ultrasonics Engineering"}
@STRING{IEEE_J_UFFC       = "{IEEE} Transactions on Ultrasonics, Ferroelectrics, and Frequency Control"}



% communications
@STRING{IEEE_J_COML       = "{IEEE} Communications Letters"}
@STRING{IEEE_J_JSAC       = "{IEEE} Journal on Selected Areas in Communications"}
@STRING{IEEE_J_COM        = "{IEEE} Transactions on Communications"}
@STRING{IEEE_J_COMT       = "{IEEE} Transactions on Communication Technology"}
@STRING{IEEE_J_WCOM       = "{IEEE} Transactions on Wireless Communications"}



% components, packaging and manufacturing
@STRING{IEEE_J_ADVP       = "{IEEE} Transactions on Advanced Packaging"}
@STRING{IEEE_J_CHMT       = "{IEEE} Transactions on Components, Hybrids and Manufacturing Technology"}
@STRING{IEEE_J_CPMTA      = "{IEEE} Transactions on Components, Packaging and Manufacturing Technology---Part {A}"}
@STRING{IEEE_J_CPMTB      = "{IEEE} Transactions on Components, Packaging and Manufacturing Technology---Part {B}: Advanced Packaging"}
@STRING{IEEE_J_CPMTC      = "{IEEE} Transactions on Components, Packaging and Manufacturing Technology---Part {C}: Manufacturing"}
@STRING{IEEE_J_CAPT       = "{IEEE} Transactions on Components and Packaging Technology"}
@STRING{IEEE_J_CAPTS      = "{IEEE} Transactions on Components and Packaging Technologies"}
@STRING{IEEE_J_CPART      = "{IEEE} Transactions on Component Parts"}
@STRING{IEEE_J_EPM        = "{IEEE} Transactions on Electronics Packaging Manufacturing"}
@STRING{IEEE_J_MFT        = "{IEEE} Transactions on Manufacturing Technology"}
@STRING{IEEE_J_PHP        = "{IEEE} Transactions on Parts, Hybrids and Packaging"}
@STRING{IEEE_J_PMP        = "{IEEE} Transactions on Parts, Materials and Packaging"}



% CAD
@STRING{IEEE_J_TCAD       = "{IEEE} Journal on Technology in Computer Aided DesignProcess exited with error(s)"}
@STRING{IEEE_J_CAD        = "{IEEE} Transactions on Computer-Aided Design of Integrated Circuits and Systems"}



% coding, data, information, knowledge
@STRING{IEEE_J_IT         = "{IEEE} Transactions on Information Theory"}
@STRING{IEEE_J_KDE        = "{IEEE} Transactions on Knowledge and Data Engineering"}



% computers, computation, networking and software
@STRING{IEEE_J_C          = "{IEEE} Transactions on Computers"}
@STRING{IEEE_J_ECOMP      = "{IEEE} Transactions on Electronic Computers"}
@STRING{IEEE_J_EVC        = "{IEEE} Transactions on Evolutionary Computation"}
@STRING{IEEE_J_FUZZ       = "{IEEE} Transactions on Fuzzy Systems"}
@STRING{IEEE_J_MC         = "{IEEE} Transactions on Mobile Computing"}
@STRING{IEEE_J_NET        = "{IEEE/ACM} Transactions on Networking"}
@STRING{IEEE_J_NN         = "{IEEE} Transactions on Neural Networks"}
@STRING{IEEE_J_PDS        = "{IEEE} Transactions on Parallel and Distributed Systems"}
@STRING{IEEE_J_SE         = "{IEEE} Transactions on Software Engineering"}



% computer graphics, imaging, and multimedia
@STRING{IEEE_J_IP         = "{IEEE} Transactions on Image Processing"}
@STRING{IEEE_J_MM         = "{IEEE} Transactions on Multimedia"}
@STRING{IEEE_J_VCG        = "{IEEE} Transactions on Visualization and Computer Graphics"}



% cybernetics, ergonomics, robots, man-machine, and automation
@STRING{IEEE_J_JRA        = "{IEEE} Journal of Robotics and Automation"}
@STRING{IEEE_J_HFE        = "{IEEE} Transactions on Human Factors in Electronics"}
@STRING{IEEE_J_MMS        = "{IEEE} Transactions on Man-Machine Systems"}
@STRING{IEEE_J_PAMI       = "{IEEE} Transactions on Pattern Analysis and Machine Intelligence"}
@STRING{IEEE_J_RA         = "{IEEE} Transactions on Robotics and Automation"}
@STRING{IEEE_J_SMC        = "{IEEE} Transactions on Systems, Man, and Cybernetics"}
@STRING{IEEE_J_SMCA       = "{IEEE} Transactions on Systems, Man, and Cybernetics---Part {A}: Systems and Humans"}
@STRING{IEEE_J_SMCB       = "{IEEE} Transactions on Systems, Man, and Cybernetics---Part {B}: Cybernetics"}
@STRING{IEEE_J_SMCC       = "{IEEE} Transactions on Systems, Man, and Cybernetics---Part {C}: Applications and Reviews"}
@STRING{IEEE_J_SSC        = "{IEEE} Transactions on Systems Science and Cybernetics"}



% earth, wind, fire and water
@STRING{IEEE_J_GE         = "{IEEE} Transactions on Geoscience Electronics"}
@STRING{IEEE_J_GRS        = "{IEEE} Transactions on Geoscience and Remote Sensing"}
@STRING{IEEE_J_OE         = "{IEEE} Journal of Oceanic Engineering"}



% education, engineering, history, IEEE, professional
@STRING{IEEE_J_CJECE      = "Canadian Journal of Electrical and Computer Engineering"}
@STRING{IEEE_J_PROC       = "Proceedings of the {IEEE}"}
@STRING{IEEE_J_EDU        = "{IEEE} Transactions on Education"}
@STRING{IEEE_J_EM         = "{IEEE} Transactions on Engineering Management"}
@STRING{IEEE_J_EWS        = "{IEEE} Transactions on Engineering Writing and Speech"}
@STRING{IEEE_J_PC         = "{IEEE} Transactions on Professional Communication"}



% electromagnetics, antennas, EMI, magnetics and microwave
@STRING{IEEE_J_AWPL       = "{IEEE} Antennas and Wireless Propagation Letters"}
@STRING{IEEE_J_MGWL       = "{IEEE} Microwave and Guided Wave Letters"}
@STRING{IEEE_J_MWCL       = "{IEEE} Microwave and Wireless Components Letters"}
@STRING{IEEE_J_AP         = "{IEEE} Transactions on Antennas and Propagation"}
@STRING{IEEE_J_EMC        = "{IEEE} Transactions on Electromagnetic Compatibility"}
@STRING{IEEE_J_MAG        = "{IEEE} Transactions on Magnetics"}
@STRING{IEEE_J_MTT        = "{IEEE} Transactions on Microwave Theory and Techniques"}
@STRING{IEEE_J_RFI        = "{IEEE} Transactions on Radio Frequency Interference"}
@STRING{IEEE_J_TJMJ       = "{IEEE} Translation Journal on Magnetics in Japan"}



% energy and power
@STRING{IEEE_J_EC         = "{IEEE} Transactions on Energy Conversion"}
@STRING{IEEE_J_PWRAS      = "{IEEE} Transactions on Power Apparatus and Systems"}
@STRING{IEEE_J_PWRD       = "{IEEE} Transactions on Power Delivery"}
@STRING{IEEE_J_PWRE       = "{IEEE} Transactions on Power Electronics"}
@STRING{IEEE_J_PWRS       = "{IEEE} Transactions on Power Systems"}



% industrial, commercial and consumer
@STRING{IEEE_J_APPIND     = "{IEEE} Transactions on Applications and Industry"}
@STRING{IEEE_J_BC         = "{IEEE} Transactions on Broadcasting"}
@STRING{IEEE_J_BCTV       = "{IEEE} Transactions on Broadcast and Television Receivers"}
@STRING{IEEE_J_CE         = "{IEEE} Transactions on Consumer Electronics"}
@STRING{IEEE_J_IE         = "{IEEE} Transactions on Industrial Electronics"}
@STRING{IEEE_J_IECI       = "{IEEE} Transactions on Industrial Electronics and Control Instrumentation"}
@STRING{IEEE_J_IA         = "{IEEE} Transactions on Industry Applications"}
@STRING{IEEE_J_IGA        = "{IEEE} Transactions on Industry and General Applications"}



% instrumentation and measurement
@STRING{IEEE_J_IM         = "{IEEE} Transactions on Instrumentation and Measurement"}



% insulation and materials
@STRING{IEEE_J_JEM        = "{IEEE/TMS} Journal of Electronic Materials"}
@STRING{IEEE_J_DEI        = "{IEEE} Transactions on Dielectrics and Electrical Insulation"}
@STRING{IEEE_J_EI         = "{IEEE} Transactions on Electrical Insulation"}



% mechanical
@STRING{IEEE_J_MECH       = "{IEEE/ASME} Transactions on Mechatronics"}
@STRING{IEEE_J_MEMS       = "{IEEE/ASME} Journal of Microelectromechanical Systems"}



% medical and biological
@STRING{IEEE_J_BME        = "{IEEE} Transactions on Biomedical Engineering"}
% Note: The B-ME journal later dropped the hyphen and became the BME.
@STRING{IEEE_J_B-ME       = "{IEEE} Transactions on Bio-Medical Engineering"}
@STRING{IEEE_J_BMELC      = "{IEEE} Transactions on Bio-Medical Electronics"}
@STRING{IEEE_J_ITBM       = "{IEEE} Transactions on Information Technology in Biomedicine"}
@STRING{IEEE_J_ME         = "{IEEE} Transactions on Medical Electronics"}
@STRING{IEEE_J_MI         = "{IEEE} Transactions on Medical Imaging"}
@STRING{IEEE_J_MCTE       = "{IEEE} Transactions on Molecular, Cellular and Tissue Engineering"}
@STRING{IEEE_J_NB         = "{IEEE} Transactions on NanoBioscience"}
@STRING{IEEE_J_NSRE       = "{IEEE} Transactions on Neural Systems and Rehabilitation Engineering"}
@STRING{IEEE_J_RE         = "{IEEE} Transactions on Rehabilitation Engineering"}



% optics, lightwave and photonics
@STRING{IEEE_J_PTL        = "{IEEE} Photonics Technology Letters"}
@STRING{IEEE_J_JLT        = "{IEEE/OSA} Journal of Lightwave Technology"}



% physics, electrons, nanotechnology, nuclear and quantum electronics
@STRING{IEEE_J_EDL        = "{IEEE} Electron Device Letters"}
@STRING{IEEE_J_JQE        = "{IEEE} Journal of Quantum Electronics"}
@STRING{IEEE_J_JSTQE      = "{IEEE} Journal of Selected Topics in Quantum Electronics"}
@STRING{IEEE_J_ED         = "{IEEE} Transactions on Electron Devices"}
@STRING{IEEE_J_NANO       = "{IEEE} Transactions on Nanotechnology"}
@STRING{IEEE_J_NS         = "{IEEE} Transactions on Nuclear Science"}
@STRING{IEEE_J_PS         = "{IEEE} Transactions on Plasma Science"}



% reliability
@STRING{IEEE_J_DMR        = "{IEEE} Transactions on Device and Materials Reliability"}
@STRING{IEEE_J_R          = "{IEEE} Transactions on Reliability"}



% semiconductors, superconductors, electrochemical and solid state
@STRING{IEEE_J_ESSL       = "{IEEE/ECS} Electrochemical and Solid-State Letters"}
@STRING{IEEE_J_JSSC       = "{IEEE} Journal of Solid-State Circuits"}
@STRING{IEEE_J_ASC        = "{IEEE} Transactions on Applied Superconductivity"}
@STRING{IEEE_J_SM         = "{IEEE} Transactions on Semiconductor Manufacturing"}



% sensors
@STRING{IEEE_J_SENSOR     = "{IEEE} Sensors Journal"}



% VLSI
@STRING{IEEE_J_VLSI       = "{IEEE} Transactions on Very Large Scale Integration ({VLSI}) Systems"}



%%%%%%%%%%%%%%%%%%%%
%% IEEE Magazines %%
%%%%%%%%%%%%%%%%%%%%


@STRING{IEEE_M_AES        = "{IEEE} Aerospace and Electronics Systems Magazine"}
@STRING{IEEE_M_HIST       = "{IEEE} Annals of the History of Computing"}
@STRING{IEEE_M_AP         = "{IEEE} Antennas and Propagation Magazine"}
@STRING{IEEE_M_ASSP       = "{IEEE} {ASSP} Magazine"}
@STRING{IEEE_M_CD         = "{IEEE} Circuits and Devices Magazine"}
@STRING{IEEE_M_CAS        = "{IEEE} Circuits and Systems Magazine"}
@STRING{IEEE_M_COM        = "{IEEE} Communications Magazine"}
@STRING{IEEE_M_COMSOC     = "{IEEE} Communications Society Magazine"}
% CSEM changed to CSE in 1999
@STRING{IEEE_M_CSE        = "{IEEE} Computing in Science and Engineering"}
@STRING{IEEE_M_CSEM       = "{IEEE} Computational Science and Engineering Magazine"}
@STRING{IEEE_M_C          = "{IEEE} Computer"}
@STRING{IEEE_M_CAP        = "{IEEE} Computer Applications in Power"}
@STRING{IEEE_M_CGA        = "{IEEE} Computer Graphics and Applications"}
@STRING{IEEE_M_CONC       = "{IEEE} Concurrency"}
@STRING{IEEE_M_CS         = "{IEEE} Control Systems Magazine"}
@STRING{IEEE_M_DTC        = "{IEEE} Design and Test of Computers"}
@STRING{IEEE_M_EI         = "{IEEE} Electrical Insulation Magazine"}
@STRING{IEEE_M_EMB        = "{IEEE} Engineering in Medicine and Biology Magazine"}
@STRING{IEEE_M_EMR        = "{IEEE} Engineering Management Review"}
@STRING{IEEE_M_EXP        = "{IEEE} Expert"}
@STRING{IEEE_M_IA         = "{IEEE} Industry Applications Magazine"}
@STRING{IEEE_M_IM         = "{IEEE} Instrumentation and Measurement Magazine"}
@STRING{IEEE_M_IS         = "{IEEE} Intelligent Systems"}
@STRING{IEEE_M_IC         = "{IEEE} Internet Computing"}
@STRING{IEEE_M_ITP        = "{IEEE} {IT} Professional"}
@STRING{IEEE_M_MICRO      = "{IEEE} Micro"}
@STRING{IEEE_M_MW         = "{IEEE} Microwave Magazine"}
@STRING{IEEE_M_MM         = "{IEEE} Multimedia"}
@STRING{IEEE_M_NET        = "{IEEE} Network"}
@STRING{IEEE_M_PCOM       = "{IEEE} Personal Communications Magazine"}
@STRING{IEEE_M_POT        = "{IEEE} Potentials"}
% CAP and PER merged to form PE in 2003
@STRING{IEEE_M_PE         = "{IEEE} Power and Energy Magazine"}
@STRING{IEEE_M_PER        = "{IEEE} Power Engineering Review"}
@STRING{IEEE_M_RA         = "{IEEE} Robotics and Automation Magazine"}
@STRING{IEEE_M_SP         = "{IEEE} Signal Processing Magazine"}
@STRING{IEEE_M_S          = "{IEEE} Software"}
@STRING{IEEE_M_SPECT      = "{IEEE} Spectrum"}
@STRING{IEEE_M_TS         = "{IEEE} Technology and Society Magazine"}
@STRING{IEEE_M_WC         = "{IEEE} Wireless Communications Magazine"}
@STRING{IEEE_M_TODAY      = "Today's Engineer"}




%--
%EOF

%%%%%%%%%%%%%%%%%%%%%%%%%%%%%%%%%%%%%%%%%%%%%%%%%%%%%%%%%%%%%%%%%%

@article{Wang13,
	author = {Wang, Yangang and Min, Jianyuan and Zhang, Jianjie and Liu, Yebin and Xu, Feng and Dai, Qionghai and Chai, Jinxiang},
	title = {Video-based hand manipulation capture through composite motion control},
	journal = {{ACM} Transactions on Graphics (TOG)},
	volume = {32},
	number = {4},
	pages = {43:1--43:14},
	year = {2013},
	publisher = {ACM}
}

@ARTICLE{Jieun06,
  	author = {Jieun Lee and Seung-Hyun Yoon and Myung-Soo Kim},
	TITLE = {Realistic human hand deformation},
	journal = {Computer Animation and Virtual Worlds},
	Volume = {17},
	number = {3-4},
	Pages = {479-489},
	year = {2006},
	month = {July}
}

@INPROCEEDINGS{Kry02,
    author = {Paul G. Kry and Doug L. James and Dinesh K. Pai},
    title = {EigenSkin: Real Time Large Deformation Character Skinning in Hardware},
    booktitle = {ACM SIGGRAPH Symposium on Computer Animation},
    year = {2002},
    pages = {153-159},
    publisher = {ACM Press}
}

@INPROCEEDINGS{Mamy06,
    author = {Mamy Pouliquen and Alain Bernard and Jacques Marsot},
    title = {Virtual Hands for Risk Prevention Integration in Human-Computer Interactions },
    booktitle = {{IEEE} International Conference on Virtual Environments, Human-Computer Interfaces, and Measurement Systems },
    pages = {142-147},
    year = {2006},
	month = {July}
}

@INPROCEEDINGS{Mate07,
    author = {Matei Ciocarlie and Claire Lackner and Peter Allen},
    title = {Soft Finger Model with Adaptive Contact Geometry for Grasping and Manipulation Tasks},
	booktitle = {Second Joint EuroHaptics Conference and Symposium on Haptic Interfaces for Virtual Environment and Teleoperator Systems},	
    year = {2007},
	month = {March},
	Publisher = {IEEE}
}

@INPROCEEDINGS{Tongcui08,
    author = {Tong Cui and Jing Xiao and Senior Member and Aiguo Song},
    title = {Simulation of Grasping Deformable Objects with a Virtual Human Hand},
    booktitle = {{IEEE/RSJ} International Conference on Intelligent Robots and Systems},
    pages = {3965-3970},
    year = {2008},
	month = {September}
}

@ARTICLE{Kchui02,
  	author = {K.C.Hui and N.N.Wong},
	title = {Hands on a virtually elastic object},
	journal = {The Visual Computer},
	Volume = {18},
	number = {3},
	Pages = {150-163},
	year = {2002},
	month = {March}
}
@INPROCEEDINGS{Huagen09,
    author = {Huagen Wan and Feifei Chen and Xiaoxia Han},
    title = {A 4-Layer Flexible Virtual Hand Model for Haptic Interaction},
    booktitle = {{IEEE} International Conference on Virtual Environments, Human-Computer Interfaces and Measurements Systems},
    year = {2009},
	month = {May}
}

@ARTICLE{Chin05,
  	author = {Chin-Shyurng Fahn and Herman Sun},
	title = {Development of a Data Glove With Reducing Sensors Based on Magnetic Induction},
	journal = {{IEEE} TRANSACTIONS ON INDUSTRIAL ELECTRONICS},
	Volume = {52},
	number = {2},
	Pages = {585-594},
	year = {2005},
	month = {April}
}

@INPROCEEDINGS{Wenzhen11,
    author = {Wenzhen Yang and Wenhua Chen},
    title ={Haptic Rendering of Virtual Hand Moving Objects},
    booktitle = {International Conference on Cyberworlds},
    year = {2011}
}

@INPROCEEDINGS{Hanan12,
 	author = {Hanan Teleb and George Chang},
    title = {Data Glove Integration with 3D Virtual Environments},
    booktitle = {{IEEE} International Conference on Systems and Informatics},
    year = {2012}
}
@INPROCEEDINGS{Irene03,
    author = {Irene Albrecht and Jörg Haber and Hans-Peter Seidel},
    title = {Construction and Animation of Anatomically Based Human Hand Models},
	booktitle = {{Eurographics/SIGGRAPH} Symposium on Computer Animation},
    year = {2003}
}

@INPROCEEDINGS{Rhee06,
    author = {Taehyun Rhee and Ulrich Neumann and J.P.Lewis},
    title = {Human Hand Modeling from Surface Anatomy},
    booktitle = {{ACM SIGGRAPH} symposium on Interactive 3D graphics and games},
    year = {2006}
}
@book{Tomas02,
	AUTHOR = {Tomas Akenine-M\"oller and Eric Haines and Naty Hoffman},
	title = {Real-Time Rendering},
	publisher = {A K Peters Ltd, Wellesley, MA},
	year = {2008}
}

@ARTICLE{Kun05,
	author = {Kun Zhou and Xi Wang and Yiying Tong and Mathieu Desbrun and Baining Guo and Heung-Yeung Shum},
	title = {TextureMontage: Seamless Texturing of Arbitrary Surfaces From Multiple Images},
	journal = {{ACM} Transactions on Graphics (TOG)},
	volume = {24},
	number = {3},
	pages = {1148-1155},
	year = {2005},
	publisher = {ACM}
}

@book{Tubiana90,
    address = {Paris},
    author = {Tubiana, R. and Thomine, J. M.},
    publisher = {Masson},
    title = {{La main Anatomie fonctionnelle et examen clinique}},
    year = {1990}
}



@book{Kapit93,
    author = {Kapit, W. and Elson, L. M.},
    publisher = {Harper Collins},
    title = {{The anatomy coloring book. 2nd edition}},
    year = {1993}
}

@ARTICLE{Beifang05,
    author = {Beifang Yi and Frederick C. Harris and Jr. and Ling Wang and Yusong Yan},
    title = {REAL-TIME NATURAL HAND GESTURES},
    journal = {Computing in Science \& Engineering, {IEEE} Educational Activities Department},
	Volume = {7},
	number = {3},
	Pages = {92-96},
	year = {2005},
	month = {May}
}

@INPROCEEDINGS{John00,
    author = {John Lin, Ying Wu, Thomas S. Huang},
    title = {Modeling the Constraints of Human Hand Motion},
    booktitle = {Proceedings Workshop on Human Motion},
    year = {2000},
    month = {December},
    Publisher = {IEEE}
}
@ARTICLE{Reinhard01,
  title={Color transfer between images},
  author={Reinhard, Erik and Ashikhmin, Michael and Gooch, Bruce and Shirley, Peter},
  journal={{IEEE} Computer graphics and application}
  volume={21},
  number={5},
  pages={34-41},
  year={2001},
  publisher={{IEEE} Computer Society}
}
@misc{handBaike,
title={手},
howpublished = {\url{http://baike.baidu.com/subview/54515/6280241.htm\#viewPageContent}}
}

@article{BoxWeiji01,
  title={Efficiently approximating the minimum-volume bounding box of a point set in three dimensions},
  author={Barequet, Gill and Har-Peled, Sariel},
  journal={Journal of Algorithms},
  volume={38},
  number={1},
  pages={91--109},
  year={2001},
  publisher={Elsevier}
}

@inproceedings{gong2005,
title={Technology of Human Hand Muscle Modeling Based on Anatomy},
author={Kexiang Gong and Shuqiu Zhou and Xianping Chang},
booktitle={Microcomputer Development},
year={2005}
}
@article{Everitt01,
  title={Projective texture mapping},
  author={Everitt, Cass},
  journal={White paper, NVidia Corporation},
  volume={4},
  year={2001},
  publisher={Citeseer}
}
@article{Everitt01,
  title={Projective texture mapping},
  author={Everitt, Cass},
  journal={White paper, NVidia Corporation},
  volume={4},
  year={2001},
  publisher={Citeseer}
}

@book{Fshill04,
    author = {F.S. Hill, JR},
    publisher = {Science Press},
    title = {{Computer Graphics Using OpenGL. Second Edition}},
    year = {2004}
}

@book{Donald10,
  title={{Computer Graphics with OpenGL. Third Edition}},
  author={Hearn, Donald and Baker, M Pauline},
  year={2010},
  publisher={Electronic Industry Press}
}

@book{Gonzalez02,
  title={{Digital image processing. Second Edition}},
  author={Gonzalez, Rafael C and Woods, Richard E},
  year={2002},
  publisher={Prentice hall Upper Saddle River, NJ}
}

@book{PanYH03,
  title={计算机图形学: 原理, 方法及应用},
  author={Yunhe Pan and Xiang Jin and Deren Chen},
  year={2003},
  publisher={高等教育出版社}
}

@article{Ruderman98,
  title={Statistics of cone responses to natural images: Implications for visual coding},
  author={Ruderman, Daniel L and Cronin, Thomas W and Chiao, Chuan-Chin},
  journal={JOSA A},
  volume={15},
  number={8},
  pages={2036--2045},
  year={1998},
  publisher={Optical Society of America}
}
@article{ZhaoMY08,
  title={基于色彩传递的生物医学图像彩色化},
  author={Yuanmeng Zhao and Lingxue Wang and Weiqi Jin and Shiming Shi},
  journal={生命科学仪器},
  volume={5},
  number={11},
  pages={26--30},
  year={2008}
}
@article{ZhuoY06,
  title={校正的 L$\alpha$$\beta$ 颜色空间转换算法及其在色彩传递中的应用},
  author={Yue Zhuo and Zhaojiong Chen},
  journal={福建电脑},
  number={2},
  pages={45--46},
  year={2006}
}
@article{LinY01,
  title={匹配图像与 3 维模型特征点的真实感 3 维头重建},
  author={Yuan Lin and Qian Lin and Feng Tang and Liang Tang and Shengjin
	Wang},
  journal={中国图象图形学报},
  volume={16},
  number={10},
  pages={1876--1882},
  year={2011}
}

@book{ZhangYF07,
  title={计算机图形学基础及应用教程},
  author={Yifang Zhang and Jifang Li and Bencheng Chai},
  year={2007},
  publisher={机械工业出版社}
}

@book{Shreiner07,
  title={OpenGL (R) programming guide: The official guide to learning OpenGL (R), version 2.1},
  author={Shreiner, Dave and Woo, Mason and Neider, Jackie and Davis, Tom and others},
  year={2007},
  publisher={Addison-Wesley Professional}
}

@book{Pipho02,
  title={Focus on 3D Models},
  author={Pipho, Evan},
  year={2002},
  publisher={Premier Press}
}

@article{ZhangXL03,
  title={具有实时交互功能的虚拟手的设计与实现},
  author={Xiaolong Zhang and Haifeng Tao},
  journal={计算机工程与设计},
  volume={34},
  number={5},
  pages={1767--1771},
  year={2013}
}

@inproceedings{Duhong11,
  title={Modeling and interaction of virtual hand based on virtools},
  author={Du, Hongwang and Xiong, Wei and Wang, Zuwen},
  booktitle={Multimedia Technology (ICMT), 2011 International Conference on},
  pages={416--419},
  year={2011},
  organization={IEEE}
}


%%%%%%%%%%%%%%%%%%%%%%%%%%%%%%%%%%%%%%%%%%%%%%%%%%%%%%%%%%%%%%%%%%%%%%%








